@article{DavidCash2014TheLO,  title={The Locality of Searchable Symmetric Encryption},  author={David Cash and Stefano Tessaro},  journal={theory and application of cryptographic techniques},  year={2014}}
@article{GiladAsharov2021SearchableSE,  title={Searchable Symmetric Encryption: Optimal Locality in Linear Space via Two-Dimensional Balanced Allocations},  author={Gilad Asharov and Moni Naor and Gil Segev and Ido Shahaf},  journal={SIAM Journal on Computing},  year={2021}}
@article{IoannisDemertzis2018SearchableEW,  title={Searchable Encryption with Optimal Locality: Achieving Sublogarithmic Read Efficiency},  author={Ioannis Demertzis and Dimitrios Papadopoulos and Charalampos Papamanthou},  journal={international cryptology conference},  year={2018}}
@article{IoannisDemertzis2017FastSE,  title={Fast Searchable Encryption With Tunable Locality},  author={Ioannis Demertzis and Charalampos Papamanthou},  journal={international conference on management of data},  year={2017}}
@article{AngleBossuat2021SSEAS,  title={SSE and SSD: Page-Efficient Searchable Symmetric Encryption},  author={Ang{\`e}le Bossuat and Raphael Bost and Pierre-Alain Fouque and Brice Minaud and Michael Reichle},  journal={international cryptology conference},  year={2021}}
@article{GiladAsharov2021TightTI,  title={Tight Tradeoffs in Searchable Symmetric Encryption},  author={Gilad Asharov and Gil Segev and Ido Shahaf},  journal={Journal of Cryptology},  year={2021}}
@article{RaphaelBost2016ooFS,  title={∑o$\phi$oς: Forward Secure Searchable Encryption},  author={Raphael Bost},  journal={computer and communications security},  year={2016}}
@article{DASprott1978UrnMA,  title={Urn Models and Their Application—An Approach to Modern Discrete Probability Theory},  author={D. A. Sprott},  journal={Technometrics},  year={1978}}
@article{YossiAzar1999BalancedA,  title={Balanced Allocations},  author={Yossi Azar and Andrei Z. Broder and Anna R. Karlin and Eli Upfal},  journal={SIAM Journal on Computing archive},  year={1999}}
@inproceedings{MichaelMitzenmacher2001ThePO,  title={The Power of Two Random Choices: A Survey of Techniques and Results},  author={Michael Mitzenmacher and Andr{\'e}a W. Richa and Ramesh K. Sitaraman},  year={2001}}
@article{RasmusPagh2001CuckooH,  title={Cuckoo Hashing},  author={Rasmus Pagh and Flemming Friche Rodler},  journal={european symposium on algorithms},  year={2001}}
@article{PetraBerenbrink2005OnWB,  title={On weighted balls-into-bins games},  author={Petra Berenbrink and Tom Friedetzky and Zengjian Hu and Russell Martin},  journal={Theoretical Computer Science},  year={2005}}